@article{artc01,
  author={Dollar, Piotr and Wojek, Christian and Schiele, Bernt and Perona, Pietro},
  journal={IEEE Transactions on Pattern Analysis and Machine Intelligence}, 
  title={Pedestrian Detection: An Evaluation of the State of the Art}, 
  year={2012},
  volume={34},
  number={4},
  pages={743-761},
  doi={10.1109/TPAMI.2011.155}}

@article{artc020,
  title = {Cobot programming for collaborative industrial tasks: An overview},
  journal = {Robotics and Autonomous Systems},
  volume = {116},
  pages = {162-180},
  year = {2019},
  doi = {https://doi.org/10.1016/j.robot.2019.03.003},
  note = {\url{https://www.sciencedirect.com/science/article/pii/S092188901830602X}},
  author = {Shirine {El Zaatari} and Mohamed Marei and Weidong Li and Zahid Usman},
}

@article{artc021,
  title = {Scoping review on the use of socially assistive robot technology in elderly care},
  journal = {BMJ Open},
  volume = {10},
  author = {Jordan Abdi; Ahmed Al-Hindawi; Tiffany Ng; Marcela P. Vizcaychipi,},
  year = {2018},
  note = {\url{https://bmjopen.bmj.com/content/bmjopen/8/2/e018815.full.pdf}}
}

@unpublished{artc02,
  author = {Dhruv Parmar},
  title = {13 Personal Robots You Can Buy In 2022},
  note = {\url{https://geekflare.com/best-personal-robots/}},
  month = {11},
  year = {2022},
  }

@unpublished{artc03,
  author = {Amrita Pathak},
  title = {Robots, IoT, and Artificial Intelligence are Leading Digital Transformation },
  note = {\url{https://geekflare.com/digital-transformation-ai-robots-iot/}},
  month = {11},
  year = {2022},
  }

@article{artc04,
  author = {Miklósi Ádám},
  journal = {A Magyar Tudományos Akadémia folyóirata},
  month = {02},
  note = {\url{http://www.matud.iif.hu/2010/02/06.htm}},
  title = {KUTYA, EMBER, ROBOT – AVAGY AZ ETOROBOTIKA SZÜLETÉSE},
  volume = {1},
  year = {2010},
}

@ARTICLE{artc040,
AUTHOR={Miklósi, Ádám and Korondi, Péter and Matellán, Vicente and Gácsi, Márta},   
TITLE={Ethorobotics: A New Approach to Human-Robot Relationship},     
JOURNAL={Frontiers in Psychology},      
VOLUME={8},           
YEAR={2017},      
URL={https://www.frontiersin.org/articles/10.3389/fpsyg.2017.00958},       
DOI={10.3389/fpsyg.2017.00958},      
ISSN={1664-1078},   
}

@article{MIKLOSI2013287,
    title = {What does it take to become ‘best friends’? Evolutionary changes in canine social competence},
    journal = {Trends in Cognitive Sciences},
    volume = {17},
    number = {6},
    pages = {287-294},
    year = {2013},
    issn = {1364-6613},
    doi = {https://doi.org/10.1016/j.tics.2013.04.005},
    url = {https://www.sciencedirect.com/science/article/pii/S1364661313000788},
    author = {Ádám Miklósi and József Topál},
}

@misc{artc05,
  title = {Top 7 Use Cases for Facial Recognition in 2023},
  note = {\url{https://www.cyberlink.com/faceme/insights/articles/228/how-to-use-facial-recognition}},
  month = {11},
  year = {2022},
  }

@misc{artc06,
  title = {Computer Vision – People Detection & Face recognition},
  note = {\url{https://rhino-partners.com/blog/computer-vision-people-detection-face-recognition/}},
  month = {11},
  year = {2022},
  }

@ARTICLE{1597098,
  author={Weaver, A.C.},
  journal={Computer}, 
  title={Biometric authentication}, 
  year={2006},
  volume={39},
  number={2},
  pages={96-97},
  doi={10.1109/MC.2006.47}}

@INPROCEEDINGS{artc07,
  author={Bormann, Richard and Zwölfer, Thomas and Fischer, Jan and Hampp, Joshua and Hägele, Martin},
  booktitle={2013 13th IEEE-RAS International Conference on Humanoid Robots (Humanoids)}, 
  title={Person recognition for service robotics applications}, 
  year={2013},
  volume={},
  number={},
  pages={260-267},
  doi={10.1109/HUMANOIDS.2013.7029985}}

@INPROCEEDINGS{artc08,
  author={Lin, Yongjing and Xie, Huosheng},
  booktitle={2020 IEEE 3rd International Conference on Information Systems and Computer Aided Education (ICISCAE)},   
  title={Face Gender Recognition based on Face Recognition Feature Vectors},
  year={2020},
  volume={},
  number={},
  pages={162-166},
  doi={10.1109/ICISCAE51034.2020.9236905}}

@misc{artc09,
  title = {What is Facial Recognition – Definition and Explanation},
  note = {\url{https://www.kaspersky.com/resource-center/definitions/what-is-facial-recognition}},
  month = {11},
  year = {2022},
  }


@article{artc30,
  author = {Davis E. King},
  journal = {Journal of Machine Learning Research},
  month = {07},
  note = {\url{https://www.jmlr.org/papers/volume10/king09a/king09a.pdf}},
  title = {Dlib-ml: A Machine Learning Toolkit},
  volume = {10},
  year = {2009},
  }

@misc{artc31,
  title = {face-recognition documentation},
  note = {\url{https://face-recognition.readthedocs.io/en/latest/face_recognition.html}},
  month = {11},
  year = {2022},
  }

@misc{dlib,
  title = {Dlib documentation},
  note = {\url{http://dlib.net/}},
  month = {11},
  year = {2022},
  }

@unpublished{artc32,
  author = {Serhii Maksymenko},
  title = {How to build a face detection and recognition system},
  note = {\url{https://towardsdatascience.com/how-to-build-a-face-detection-and-recognition-system-f5c2cdfbeb8c}},
  month = {09},
  year = {2019},
  }
  
@INPROCEEDINGS{artc33,
  author={Viola, P. and Jones, M.},
  booktitle={Proceedings of the 2001 IEEE Computer Society Conference on Computer Vision and Pattern Recognition. CVPR 2001},   
  title={Rapid object detection using a boosted cascade of simple features},   
  year={2001}, 
  volume={1}, 
  number={}, 
  pages={I-I}, 
  doi={10.1109/CVPR.2001.990517}
  }

@unpublished{artc34,
  author = {Mrinal Tyagi},
  title = {HOG (Histogram of Oriented Gradients): An Overview},
  note = {\url{https://towardsdatascience.com/hog-histogram-of-oriented-gradients-67ecd887675f}},
  month = {07},
  year = {2021},
  }

@unpublished{artc_gold,
  author = {Adam Geitgey},
  title = {Machine Learning is Fun! Part 4: Modern Face Recognition with Deep Learning},
  note = {\url{https://medium.com/@ageitgey/machine-learning-is-fun-part-4-modern-face-recognition-with-deep-learning-c3cffc121d78}},
  month = {07},
  year = {2016},
  }

@unpublished{artc35,
  author = {Adrian Rosebrocky},
  title = {Face detection with dlib (HOG and CNN)},
  note = {\url{https://pyimagesearch.com/2021/04/19/face-detection-with-dlib-hog-and-cnn/}},
  month = {04},
  year = {2021},
  }

@techreport{artc36,
  author = {Vahid Kazemi and Josephine Sullivan},
  title = {One Millisecond Face Alignment with an Ensemble of Regression Trees},
  institution = {KTH, Royal Institute of Technology},
  year = {2014},
  note = {\url{https://www.csc.kth.se/~vahidk/papers/KazemiCVPR14.pdf}},
}

@misc{ros,
  author = {Stanford Artificial Intelligence Laboratory et al.},
  title = {Robotic Operating System, ROS Melodic Morenia},
  note = {\url{https://www.ros.org}},
  year = {2022},
  month = {11},
} 

@misc{artc41,
  title = {FEI Face Database},
  author = {Artificial Intelligence Laboratory of FEI in São Bernardo do Campo, São Paulo, Brazil},
  year = {2022},
  month = {12},
  note = {\url{https://fei.edu.br/~cet/facedatabase.html}},
}

@misc{pubsub1,
  title = {Publisher-Subscriber pattern},
  author = {Microsoft},
  year = {2022},
  month = {11},
  note = {\url{https://learn.microsoft.com/en-us/azure/architecture/patterns/publisher-subscriber}},
}

@unpublished{pubsub2,
  author = {Shanika Wickramasinghe, DevOps Blog},
  title = {What Is Pub/Sub? Publish/Subscribe Messaging Explained},
  note = {\url{https://blogs.bmc.com/pub-sub-publish-subscribe/?print-posts=pdf}},
  month = {07},
  year = {2021},
  }

@misc{pandas,
  title = {Pandas documentation, 1.5.2-es verzió},
  year = {2022},
  month = {11},
  note = {\url{https://pandas.pydata.org/docs/}},
}

@misc{opencvpythoncite,
  title = {opencv-python dokumentáció, 4.6.0.66-os verzió},
  year = {2022},
  month = {11},
  note = {\url{https://pypi.org/project/opencv-python/}},
}

@misc{numpycite,
  title = {NumPy dokumentáció, 1.23-as verzió},
  year = {2022},
  month = {11},
  note = {\url{https://numpy.org/doc/stable/}},
}